@misc{mm2,
  title="Ears, Ears and More Ears",
  publisher="Department of Departments",
  author="Micky Mouse",
  year=2013,
  classification="(F//MM)"
}

@misc{CRUSER,
  title = {{Consortium for Robotics and Unmanned Systems Education and Research}},
  howpublished = {\url{http://cruser.nps.edu}},
  note = {Accessed: 03/01/2013}
}

@misc{ProcerusUAV,
  title = {{Lockheed Martin Procerus Technologies}},
  howpublished = {\url{http://procerusuav.com}},
  note = {Accessed: 03/01/2013}
}

@article{ChungEtAl2011,
 author = {Chung, Timothy H. and Hollinger, Geoffrey A. and Isler, Volkan},
 title = {Search and pursuit-},
 journal = {Autonomous Robots},
 issue_date = {November  2011},
 volume = {31},
 issue = {4},
 month = nov,
 year = {2011},
 issn = {0929-5593},
 pages = {299--316},
 numpages = {18},
 url = {\url{http://dx.doi.org/10.1007/s10514-011-9241-4}},
 doi = {10.1007/s10514-011-9241-4},
 acmid = {2044256},
 publisher = {Kluwer Academic Publishers},
 address = {Hingham, MA, USA},
 keywords = {Autonomous search, Pursuit-evasion, Search theory}
} 

@article{Aldous1989,
author = {Aldous, David},
doi = {10.1007/BF01048271},
file = {:Users/timstevens23/Library/Application Support/Mendeley Desktop/Downloaded/Aldous - 1989 - An introduction to covering problems for random walks on graphs.pdf:pdf},
issn = {0894-9840},
journal = {Journal of Theoretical Probability},
keywords = {Aldous1989},
mendeley-tags = {Aldous1989},
month = January,
number = {1},
pages = {87--89},
title = {{An introduction to covering problems for random walks on graphs}},
url = {http://www.springerlink.com/index/10.1007/BF01048271},
volume = {2},
year = {1989}
}
@article{Alon2008,
author = {Alon, Noga and Avin, Chen and Koucky, M and Kozma, G},
file = {:Users/timstevens23/Library/Application Support/Mendeley Desktop/Downloaded/Alon et al. - Unknown - Many Random Walks Are Faster Than One.pdf:pdf},
journal = {Proceedings of the 20th Annual Symposium on Parallelism in Algorithms and Architectures},
keywords = {Alon2008},
mendeley-tags = {Alon2008},
issue = {1},
pages = {1--17},
title = {{Many random walks are faster than one}},
url = {http://dl.acm.org/citation.cfm?id=1378557},
year = {2008}
}
@article{Anisi2004,
author = {Anisi, D.A. and Hamberg, J. and Hu, X.},
file = {:Users/timstevens23/Library/Application Support/Mendeley Desktop/Downloaded/Unknown - 1990 - NEARLY TIME-OPTIMAL PATHS FOR A GROUND VEHICLE David A. Anisi ∗ Johan Hamberg ∗∗ Xiaoming Hu ∗ ∗.pdf:pdf},
journal = {Journal of Control Theory and Applications},
keywords = {Anisi2004,motion planning,optimal control,pontryagin maximum principle,ugv},
mendeley-tags = {Anisi2004},
title = {{Nearly time-optimal paths for a ground vehicle}},
url = {http://www.springerlink.com/index/xk45698hx747572j.pdf},
volume={1},
issue={1},
year = {2003}
}