@book{tex,
  title="TEX and METAFONT: New directions in typesetting",
 author="Donald Ervin Knuth",
 year=1979,
 publisher="American Mathematical Society"
}

@book{latex,
 title="Latex: A Document Preparation System",
 author="Leslie Lamport",
 year=1986,
 publisher="Addison Wesley"
}                  

@article{strategies,
 title={Strategies for including graphics in LaTeX documents},
 author={Klaus H\"oppner},
 journal={TUGboat},
 volume=26,
 year=2005,
 number=1,
 booktitle={Proceedings of the Practical \TeX 2005 Conference}
}

@MISC{subversion,
author = {Apache Software Foundation},
title = {Apache Subversion},
month = {August},
year = {2011},
howpublished={\url{http://subversion.apache.org/}}
}

@book{graphics-companion,
	address = {Reading  Ma.},
	title = {The {LaTeX} graphics companion: illustrating documents with {TeX} and {PostScript}},
	isbn = {9780201854695},
	lccn = {0063},
	shorttitle = {The {LaTeX} graphics companion},
	publisher = {{Addison-Wesley}},
	author = {Goossens, Michel},
	year = {1997}
}