@IEEEtranBSTCTL{NPS:BSTctl,
CTLclassification_show = "1",
CTLclassification_unmarked = "(U)"
}
